<?xml version="1.0" encoding="UTF-8"?><collection xmlns="http://www.loc.gov/MARC21/slim"><record><leader>00542nam--2200181-i-4500</leader><controlfield tag="001">000020912</controlfield><controlfield tag="002">20161230</controlfield><controlfield tag="005">20170205211833</controlfield><controlfield tag="008">060222s1000------------r-----000-0-eng-d</controlfield><datafield ind1=" " ind2=" " tag="020"><subfield code="a">92-826-3</subfield></datafield><datafield ind1=" " ind2=" " tag="080"><subfield code="a">621.039.7:539.163</subfield></datafield><datafield ind1=" " ind2=" " tag="100"><subfield code="a">Porter, J. D</subfield></datafield><datafield ind1=" " ind2=" " tag="245"><subfield code="a">Verification and validation of models: far- field modelling of radionuclide migration</subfield></datafield><datafield ind1=" " ind2=" " tag="260"><subfield code="a">Luxembourg</subfield><subfield code="b">Office For Official Publications Of The European Communities</subfield><subfield code="c">1992</subfield></datafield><datafield ind1=" " ind2=" " tag="300"><subfield code="a">124 p</subfield></datafield><datafield ind1=" " ind2=" " tag="490"><subfield code="a">Eur 14114</subfield></datafield><datafield ind1=" " ind2=" " tag="852"><subfield code="a">80208</subfield></datafield><datafield ind1=" " ind2=" " tag="CAT"><subfield code="a">SYS</subfield><subfield code="c">20170205</subfield><subfield code="h">211833</subfield></datafield></record></collection>